%%%%%%%%%%%%%%%%%%%%%%%%%%%%%%%%%%%%%%%%%%%%%%%%%%%%%%%%%%%%%%%%%%%%%%%%%%%%%%%
%%% $Id: references.bib,v 1.2 1995/03/20 21:24:47 gerd Exp $
%%%%%%%%%%%%%%%%%%%%%%%%%%%%%%%%%%%%%%%%%%%%%%%%%%%%%%%%%%%%%%%%%%%%%%%%%%%%%%%

@InProceedings{	  ginsberg.harvey:iterative,
  author	= "Matthew L. Ginsberg and William D. Harvey",
  title		= "Iterative Broadening",
  crossref	= "aaai-90"
}

@TechReport{	  mccune:otter,
  author	= "William W. McCune",
  title		= "Otter 3.0 Reference Manual and Guide",
  institution	= "Argonne National Laboratory",
  year		= 1994,
  number	= "ANL-94/6",
  month		= jan
}

@Article{	  stickel:prolog,
  author	= "Mark E. Stickel",
  title		= "A {P}rolog {T}echnology {T}heorem {P}rover",
  journal	= "New Generation Computing",
  year		= 1984,
  volume	= 2,
  pages		= "371--383",
  month		= jul,
  keywords	= "theorem proving; model elimination; resolution; PROLOG"
}

@TechReport{	  stickel:prolog*1,
  author	= "Mark E. Stickel",
  title		= "A {P}rolog {T}echnology {T}heorem {P}rover: A New
		  Exposition and Implementation in {P}rolog",
  institution	= "SRI International",
  year		= 1989,
  opttype	= "Technical Note",
  number	= 464,
  address	= "Menlo Park, CA 94025",
  month		= jun
}

@STRING{aaai90	= "AAAI-90 --- Proceedings of the 9\/$^{th}$ AAAI National
		  Conference on Artificial Intelligence" }

@Proceedings{	  aaai-90,
  key		= "aaai-90",
  title		= aaai90,
  booktitle	= aaai90,
  year		= 1990,
  opteditor	= "",
  publisher	= "MIT Press"
}
